@article{vargas2017deep,
	title={Deep learning: previous and present applications},
	author={VARGAS, Ramiro and Lourdes, RU{\.I}Z and others},
	journal={Journal of awareness},
	volume={2},
	number={Special 3},
	pages={11--20},
	year={2017}
}

@article{rosenblatt1958perceptron,
	title={The perceptron: a probabilistic model for information storage and organization in the brain.},
	author={Rosenblatt, Frank},
	journal={Psychological review},
	volume={65},
	number={6},
	pages={386},
	year={1958},
	publisher={American Psychological Association}
}

@misc{Russia,
	title        = {Указ Президента Российской Федерации от 10.10.2019 № 490 "О развитии искусственного интеллекта в Российской Федерации"},
	year         = {2019-2030},
	howpublished = {publication.pravo.gov.ru},
	url          = {http://publication.pravo.gov.ru/Document/View/0001201910110003}
}

@article{block1962perceptron,
	title={The perceptron: A model for brain functioning. i},
	author={Block, Hans-Dieter},
	journal={Reviews of Modern Physics},
	volume={34},
	number={1},
	pages={123},
	year={1962},
	publisher={APS}
}

@article{amini2018spatial,
	title={Spatial uncertainty sampling for end-to-end control},
	author={Amini, Alexander and Soleimany, Ava and Karaman, Sertac and Rus, Daniela},
	journal={arXiv preprint arXiv:1805.04829},
	year={2018}
}

@inproceedings{leijnen2020neural,
	title={The neural network zoo},
	author={Leijnen, Stefan and Veen, Fjodor van},
	booktitle={Proceedings},
	volume={47},
	number={1},
	pages={9},
	year={2020},
	organization={MDPI}
}

@article{zhang2021ai,
	title={The AI index 2021 annual report},
	author={Zhang, Daniel and Mishra, Saurabh and Brynjolfsson, Erik and Etchemendy, John and Ganguli, Deep and Grosz, Barbara and Lyons, Terah and Manyika, James and Niebles, Juan Carlos and Sellitto, Michael and others},
	journal={arXiv preprint arXiv:2103.06312},
	year={2021}
}

@article{sun2019summarizing,
	title={Summarizing CPU and GPU design trends with product data},
	author={Sun, Yifan and Agostini, Nicolas Bohm and Dong, Shi and Kaeli, David},
	journal={arXiv preprint arXiv:1911.11313},
	year={2019}
}

@article{bernstein2021freely,
	title={Freely scalable and reconfigurable optical hardware for deep learning},
	author={Bernstein, Liane and Sludds, Alexander and Hamerly, Ryan and Sze, Vivienne and Emer, Joel and Englund, Dirk},
	journal={Scientific reports},
	volume={11},
	number={1},
	pages={3144},
	year={2021},
	publisher={Nature Publishing Group UK London}
}